<record><leader>00000cas a22000007a 4500</leader><controlfield tag="001">10929219</controlfield><controlfield tag="008">840709d18691871nyuwr ne      0    0eng d</controlfield><controlfield tag="009">148</controlfield><datafield ind1=" " ind2=" " tag="010"><subfield code="a">sn 84031391 </subfield></datafield><datafield ind1=" " ind2=" " tag="040"><subfield code="a">NYG</subfield><subfield code="b">eng</subfield><subfield code="c">NYG</subfield><subfield code="d">NPY</subfield><subfield code="d">NYS</subfield><subfield code="d">OCLCQ</subfield></datafield><datafield ind1="1" ind2=" " tag="029"><subfield code="a">AU@</subfield><subfield code="b">000020347916</subfield></datafield><datafield ind1=" " ind2=" " tag="042"><subfield code="a">msc</subfield></datafield><datafield ind1="0" ind2=" " tag="130"><subfield code="a">Saturday evening review (Elmira, N.Y.)</subfield></datafield><datafield ind1="0" ind2="0" tag="245"><subfield code="a">Saturday evening review.</subfield></datafield><datafield ind1=" " ind2=" " tag="260"><subfield code="a">Elmira, N.Y. :</subfield><subfield code="b">Wheeler &amp; Watts,</subfield><subfield code="c">1869-</subfield></datafield><datafield ind1=" " ind2=" " tag="300"><subfield code="a">v.</subfield></datafield><datafield ind1=" " ind2=" " tag="310"><subfield code="a">Weekly</subfield></datafield><datafield ind1="0" ind2=" " tag="362"><subfield code="a">Vol. 1, no. 1 (Mar. 13, 1869)-</subfield></datafield><datafield ind1="1" ind2=" " tag="362"><subfield code="a">Ceased in 1871.</subfield><subfield code="z">Cf. Gregory, W. Amer. newspapers.</subfield></datafield><datafield ind1=" " ind2=" " tag="530"><subfield code="a">Also available on microfilm from Recordak Corporation, subsidiary of Eastman Kodak Company.</subfield></datafield><datafield ind1=" " ind2="4" tag="651"><subfield code="a">ELmira (N.Y.)</subfield><subfield code="v">Newspapers.</subfield></datafield><datafield ind1=" " ind2=" " tag="752"><subfield code="a">United States</subfield><subfield code="b">New York</subfield><subfield code="c">Chemung</subfield><subfield code="d">Elmira.</subfield></datafield></record>